<record xmlns="http://www.loc.gov/MARC21/slim" xmlns:xsi="http://www.w3.org/2001/XMLSchema-instance" xsi:schemaLocation="http://www.loc.gov/MARC21/slim http://www.loc.gov/standards/marcxml/schema/MARC21slim.xsd"><leader>00037nz   2200037n  4500</leader><controlfield tag="001">DNB|100534449</controlfield><controlfield tag="003">DNB</controlfield><controlfield tag="005">20080405161405.0</controlfield><controlfield tag="008">900616n||aznnnabbn           | aaa    |c</controlfield><datafield ind1=" " ind2=" " tag="035"><subfield code="a">(DE-101)100534449</subfield></datafield><datafield ind1=" " ind2=" " tag="035"><subfield code="a">(DE-588a)100534449</subfield></datafield><datafield ind1=" " ind2=" " tag="040"><subfield code="a">DE-12</subfield><subfield code="b">ger</subfield><subfield code="c">DE-101</subfield><subfield code="e">rakwb</subfield><subfield code="d">9999</subfield></datafield><datafield ind1=" " ind2=" " tag="079"><subfield code="a">p</subfield><subfield code="q">f</subfield><subfield code="q">p</subfield><subfield code="t">12</subfield><subfield code="t">7</subfield><subfield code="t">12-PAN</subfield></datafield><datafield ind1="0" ind2=" " tag="100"><subfield code="a">Moero</subfield><subfield code="c">Byzantia</subfield><subfield code="d">4./3. Jh. v. Chr.</subfield></datafield><datafield ind1="0" ind2=" " tag="400"><subfield code="a">Myrōn</subfield><subfield code="d">4./3. Jh. v. Chr.</subfield></datafield><datafield ind1="0" ind2=" " tag="400"><subfield code="a">Miro</subfield><subfield code="d">4./3. Jh. v. Chr.</subfield></datafield><datafield ind1="0" ind2=" " tag="400"><subfield code="a">Miron</subfield><subfield code="d">4./3. Jh. v. Chr.</subfield></datafield><datafield ind1="0" ind2=" " tag="400"><subfield code="a">Myro</subfield><subfield code="d">4./3. Jh. v. Chr.</subfield></datafield><datafield ind1="0" ind2=" " tag="400"><subfield code="a">Moero</subfield><subfield code="c">Epica</subfield><subfield code="d">4./3. Jh. v. Chr.</subfield></datafield><datafield ind1="0" ind2=" " tag="400"><subfield code="a">Myro</subfield><subfield code="c">of Byzantium</subfield><subfield code="d">4./3. Jh. v. Chr.</subfield></datafield><datafield ind1="0" ind2=" " tag="400"><subfield code="a">Moiro</subfield><subfield code="c">Byzantia</subfield><subfield code="d">4./3. Jh. v. Chr.</subfield></datafield><datafield ind1="0" ind2=" " tag="400"><subfield code="a">Moiro</subfield><subfield code="c">Poietria</subfield><subfield code="d">4./3. Jh. v. Chr.</subfield></datafield><datafield ind1="0" ind2=" " tag="400"><subfield code="a">Moiro</subfield><subfield code="c">von Byzantion</subfield><subfield code="d">4./3. Jh. v. Chr.</subfield></datafield><datafield ind1="0" ind2=" " tag="400"><subfield code="a">Myro</subfield><subfield code="c">von Byzantion</subfield><subfield code="d">4./3. Jh. v. Chr.</subfield></datafield><datafield ind1=" " ind2=" " tag="549"><subfield code="w">i</subfield><subfield code="i">Lebensdaten</subfield><subfield code="a">4./3. Jh. v. Chr.</subfield></datafield><datafield ind1=" " ind2=" " tag="692"><subfield code="a">Myro: Tēs Byzantias melē. - 1734</subfield></datafield><datafield ind1=" " ind2=" " tag="692"><subfield code="a">Sappho: Fragmenta et Elogia. - 1735</subfield></datafield><datafield ind1=" " ind2=" " tag="692"><subfield code="a">Sappho: Novem illustrium foeminarum fragmenta [et] elogia. - 1735</subfield></datafield><datafield ind1=" " ind2=" " tag="910"><subfield code="a">fragmenta et elogia</subfield><subfield code="9">1</subfield></datafield><datafield ind1=" " ind2=" " tag="910"><subfield code="a">tes byzantias mele</subfield><subfield code="9">1</subfield></datafield><datafield ind1=" " ind2=" " tag="910"><subfield code="a">novem illustrium foeminarum fragmenta et elogia</subfield><subfield code="9">1</subfield></datafield><datafield ind1=" " ind2=" " tag="943"><subfield code="a">173x</subfield><subfield code="9">1</subfield></datafield><datafield ind1=" " ind2=" " tag="950"><subfield code="a">sappho</subfield><subfield code="9">1</subfield></datafield><datafield ind1=" " ind2=" " tag="950"><subfield code="a">myro</subfield><subfield code="9">1</subfield></datafield><datafield ind1=" " ind2=" " tag="996"><subfield code="2">LC|n  85116992</subfield></datafield><datafield ind1=" " ind2=" " tag="996"><subfield code="2">PTBNP|1053453</subfield></datafield><datafield ind1=" " ind2=" " tag="996"><subfield code="2">LC|no 99047380</subfield></datafield><datafield ind1=" " ind2=" " tag="996"><subfield code="2">BNF|14035528</subfield></datafield><datafield ind1=" " ind2=" " tag="996"><subfield code="2">LC|no 98119205</subfield></datafield><datafield ind1=" " ind2=" " tag="996"><subfield code="2">JPG|500120889</subfield></datafield><datafield ind1=" " ind2=" " tag="996"><subfield code="2">BAV|ADV10119334</subfield></datafield><datafield ind1=" " ind2=" " tag="997"><subfield code="a">-300 -200 flourished 0 0</subfield><subfield code="9">1</subfield></datafield></record>